@book{HClustering,
	title={Integrated Document Clustering and Multidocument Summerization},
	author={Dingding Wang, Shenghuo Zhu, Tao Li, Yun Chi and Yihong Gong},
	year={2011},
	publisher={ACM Transactions on Knowledge Discovey}
}
@book{Publication2,
	title={Multi-Document Summerization By Sentence Extraction},
	author={Jade Golstein, Vibhu Mittal, Jaime Carbonell, Mark Kantrowitz},
	year={2009},
	publisher={ACM Transactions on Knowledge Discovery}
}
@book{BeautifulSoup,
	title={http://crummy.com/software/beautifulsoup},
	author={},
	year={},
	publisher={}
}
@book{Duda,
	title={Pattern Classification},
	author={Duda R, Hart P and Stork D},
	year={2001},
	publisher={John Wiley and Sons, Inc.}
}
@book{HeEtAl,
	title={Initialization of cluster reÔ¨Ånement algorithms: A review and comparative study.},
	author={He J, Lan M, Tan C, Sung S and Low H},
	year={2004},
	publisher={Proceedings of International Joint Conference on Neural Networks}
}
